<?xml version="1.0" encoding="UTF-8"?><collection><record><leader>05880ntm a2200661 a 4500</leader><controlfield tag="001">006836555</controlfield><controlfield tag="003">MiAaHDL</controlfield><controlfield tag="005">20190719000000.0</controlfield><controlfield tag="006">m        d        </controlfield><controlfield tag="007">cr bn ---auaua</controlfield><controlfield tag="008">090708s16uu    xx            00| ||per d</controlfield><datafield tag="035" ind1=" " ind2=" "><subfield code="a">(MiU)006836555</subfield></datafield><datafield tag="035" ind1=" " ind2=" "><subfield code="a">sdr-miu006836555</subfield></datafield><datafield tag="040" ind1=" " ind2=" "><subfield code="a">MiU</subfield><subfield code="c">MiU</subfield><subfield code="e">amremm</subfield></datafield><datafield tag="043" ind1=" " ind2=" "><subfield code="a">n-us-mi</subfield><subfield code="a">a-ir---</subfield><subfield code="a">ff-----</subfield><subfield code="a">aw-----</subfield><subfield code="a">e-sp---</subfield></datafield><datafield tag="100" ind1="1" ind2=" "><subfield code="6">880-01</subfield><subfield code="a">Mīr Khvānd, Muḥammad ibn Khāvandshāh,</subfield><subfield code="d">1433-1498.</subfield></datafield><datafield tag="240" ind1="1" ind2="0"><subfield code="6">880-02</subfield><subfield code="a">Rawz̤at al-ṣafāʼ.</subfield><subfield code="n">jild 5</subfield></datafield><datafield tag="245" ind1="1" ind2="0"><subfield code="6">880-03</subfield><subfield code="a">[Jild-i panjum-i Rawz̤at al-ṣafā,</subfield><subfield code="f">late 17th century?].</subfield></datafield><datafield tag="246" ind1="3" ind2="8"><subfield code="a">Roozut ol Sufa 5</subfield></datafield><datafield tag="246" ind1="3" ind2=" "><subfield code="i">Title from inscription on 'title page' (p.5):</subfield><subfield code="a">جلد چهارم روضة الصفاء</subfield></datafield><datafield tag="246" ind1="3" ind2=" "><subfield code="i">Title from inscription on inner front flyleaf (p.3):</subfield><subfield code="a">جلد چهارم روضه الصفا</subfield></datafield><datafield tag="260" ind1=" " ind2=" "><subfield code="c">[16--?].</subfield></datafield><datafield tag="300" ind1=" " ind2=" "><subfield code="a">215 leaves :</subfield><subfield code="b">paper ;</subfield><subfield code="c">297 x 177 (205 x 105) mm. bound to 303 x 187 mm.</subfield></datafield><datafield tag="500" ind1=" " ind2=" "><subfield code="a">Shelfmark: Ann Arbor, University of Michigan, Special Collections Library, Isl. Ms. 860 v.5</subfield></datafield><datafield tag="500" ind1=" " ind2=" "><subfield code="a">Origin: Lacks dated colophon ; dated seal impression provides only rough terminus ante quem of 1723 ; paper, etc. may suggest late 17th century.</subfield></datafield><datafield tag="500" ind1=" " ind2=" "><subfield code="a">Accompanying materials: a. Slip with note "Persian MSS (Heyworth-Dunne?) with Meredith-Owens notes" -- b. Slip with note "counted for 1968/69 Annual Report"</subfield></datafield><datafield tag="500" ind1=" " ind2=" "><subfield code="a">Former shelfmark: Mich. Isl. Ms. temp. no. 9 v.5</subfield></datafield><datafield tag="500" ind1=" " ind2=" "><subfield code="a">Binding: Boards covered in light orange-brown leather decorated in "marbled calf" manner ; Western style binding ; pastedowns and flyleaves in light-blue surface-dyed wove paper ; spine in dark green and brown leather, gold-stamped with decorative bands and title "ROOZUT OL SUFA 5" ; edges of text block red-flecked ; sewn in white thread over recessed cords ; Western style worked endbands, fair condition ; overall in somewhat poor condition with minor abrasion and deterioration of leather, spine leather detaching, minor delamination of boards, etc.</subfield></datafield><datafield tag="500" ind1=" " ind2=" "><subfield code="a">Support: non-European (Persian) laid paper (characterized in inscription on inner front flyleaf (p.3) as "كاغذ ایرانی") with 7-8 laid lines per cm. (vertical, somewhat indistinct, curving) and chain lines occasionally visible, dark cream to beige in color, thin and sturdy, well-burnished.</subfield></datafield><datafield tag="500" ind1=" " ind2=" "><subfield code="a">Decoration: Keywords and headings rubricated.</subfield></datafield><datafield tag="500" ind1=" " ind2=" "><subfield code="a">Script: Nastaʻlīq ; elegant hand in a thin line ; serifless with slight effect of words descending to baseline and tilt to the right, elongation and somewhat exaggerated thickness of horizontal strokes.</subfield></datafield><datafield tag="500" ind1=" " ind2=" "><subfield code="a">Layout: Written in 25 lines per page ; frame-ruled.</subfield></datafield><datafield tag="500" ind1=" " ind2=" "><subfield code="a">Collation: ii, 3 VI(36), V+1 (47), 2 VI(71), 3 (74), 5 VI(134), II (138), VI (150), V+1 (161), 2 VI(185), V+1 (196), VI (208), IV-1 (215), ii ; chiefly senions ; sewing difficult to examine but middle of the quire marks in the form of black strokes appear in the upper outer corner of the right-hand leaf and lower outer corner of the left-hand leaf ; catchwords present ; foliation in black ink, Hindu-Arabic numerals ; pagination in pencil, Western numerals, supplied during digitization (includes flyleaves).</subfield></datafield><datafield tag="500" ind1=" " ind2=" "><subfield code="a">Incipit: "آرایش دیباجه مناقب و تاثیر [سلاطین] رفیع مقدار ..."</subfield></datafield><datafield tag="500" ind1=" " ind2=" "><subfield code="a">Title supplied by cataloguer.</subfield></datafield><datafield tag="500" ind1=" " ind2=" "><subfield code="a">Ms. codex.</subfield></datafield><datafield tag="510" ind1="4" ind2=" "><subfield code="a">B. Forbes Manz &amp; A. Beveridge, "Mīrkhwānd," In EI2.</subfield></datafield><datafield tag="510" ind1="4" ind2=" "><subfield code="a">Ḥājjī Khalīfah. Kashf al-ẓunūn,</subfield><subfield code="c">1/926</subfield></datafield><datafield tag="510" ind1="4" ind2=" "><subfield code="a">Storey,</subfield><subfield code="c">i, 92-101, 1236</subfield></datafield><datafield tag="510" ind1="4" ind2=" "><subfield code="a">Cat. Pers. MSS. Brit. Mus.,</subfield><subfield code="c">p.91 ff.</subfield></datafield><datafield tag="520" ind1="8" ind2=" "><subfield code="a">Fine copy of the fifth volume, addressing Chingiz Khān and his successors to the time of Tīmūr, of the celebrated universal history Rawz̤at al-ṣafāʼ fī sīrat al-anbiyāʼ va al-mulūk va al-khulafāʼ by the Tīmūrid historian Muḥammad ibn Khvāndshāh Mīr Khvānd (d.1498).</subfield></datafield><datafield tag="538" ind1=" " ind2=" "><subfield code="a">Mode of access: Internet.</subfield></datafield><datafield tag="541" ind1=" " ind2=" "><subfield code="c">Gift ;</subfield><subfield code="a">Acquired from Frank E. Nuttall (1875-1943).</subfield></datafield><datafield tag="546" ind1=" " ind2=" "><subfield code="a">Persian.</subfield></datafield><datafield tag="561" ind1=" " ind2=" "><subfield code="a">On inner front flyleaf (p.3), inscription with title, script, paper, contents for this volume, and listing of the three former owners whose seal impressions (مهر) appear in the manuscript as well as Muḥammad Shāh Pādishāh ( محمد شاه پادشاه ) ; several former owners' marks on 'title page' (p.5) including statement and rectangular seal impression in name of one Naʻīm Allāh Khān, ownership statement (dated 21 Muḥarram [?]) accompanied by octagonal seal impression dated 1135 [1722 or 23] in name of one Shams al-Dawlah Bahādur Mutahavvir [Mathūr] Jang (شمس الدوله بهادر متهور جنگ ), and a few other effaced statements ; oval seal impression at close on p.434 in name of one Luṭf Allāh Khān Bahādur Ṣādiq (لطف الله خان بهادر صادق) ; fairly clean copy.</subfield></datafield><datafield tag="600" ind1="3" ind2="0"><subfield code="a">Ilkhanid dynasty</subfield><subfield code="x">History</subfield><subfield code="v">Early works to 1800.</subfield></datafield><datafield tag="650" ind1=" " ind2="0"><subfield code="a">Manuscripts, Persian</subfield><subfield code="z">Michigan</subfield><subfield code="z">Ann Arbor.</subfield></datafield><datafield tag="650" ind1=" " ind2="0"><subfield code="a">Mongols</subfield><subfield code="z">Iran</subfield><subfield code="x">History</subfield><subfield code="v">Early works to 1800.</subfield></datafield><datafield tag="650" ind1=" " ind2="0"><subfield code="a">World history</subfield><subfield code="v">Early works to 1800.</subfield></datafield><datafield tag="651" ind1=" " ind2="0"><subfield code="a">Iran</subfield><subfield code="x">History</subfield><subfield code="y">1256-1500</subfield><subfield code="v">Early works to 1800.</subfield></datafield><datafield tag="651" ind1=" " ind2="0"><subfield code="a">Islamic Empire</subfield><subfield code="x">History</subfield><subfield code="y">1258-1517</subfield><subfield code="v">Early works to 1800.</subfield></datafield><datafield tag="700" ind1="1" ind2=" "><subfield code="a">Nuttall, Frank E.,</subfield><subfield code="d">1875-1943,</subfield><subfield code="e">former owner.</subfield></datafield><datafield tag="700" ind1="0" ind2=" "><subfield code="6">880-07</subfield><subfield code="a">Shams al-Dawlah Bahādur Mathūr Jang,</subfield><subfield code="d">fl. 1722,</subfield><subfield code="e">former owner.</subfield></datafield><datafield tag="773" ind1="0" ind2=" "><subfield code="a">F. E. Nuttall Collection.</subfield></datafield><datafield tag="880" ind1="0" ind2=" "><subfield code="6">700-07/</subfield><subfield code="a">شمس الدوله بهادر متهور جنگ,</subfield><subfield code="e">مالك سابق.</subfield></datafield><datafield tag="880" ind1="1" ind2="0"><subfield code="6">245-03/</subfield><subfield code="a">جلد پنجم روضة الصفا,</subfield><subfield code="f">پایان قرن 17م؟].</subfield></datafield><datafield tag="880" ind1="1" ind2="0"><subfield code="6">240-02/</subfield><subfield code="a">روضة الصفا.</subfield><subfield code="n">جلد 5</subfield></datafield><datafield tag="880" ind1="1" ind2=" "><subfield code="6">100-01/</subfield><subfield code="a">مير جواند، محمد بن جواندشاه.</subfield></datafield><datafield tag="CID" ind1=" " ind2=" "><subfield code="a">006836555</subfield></datafield><datafield tag="DAT" ind1="0" ind2=" "><subfield code="a">20190719102641.0</subfield><subfield code="b">20190719000000.0</subfield></datafield><datafield tag="DAT" ind1="1" ind2=" "><subfield code="a">20190719090653.0</subfield><subfield code="b">2019-07-19T16:10:30Z</subfield></datafield><datafield tag="DAT" ind1="2" ind2=" "><subfield code="a">2015-10-02T18:00:03Z</subfield></datafield><datafield tag="CAT" ind1=" " ind2=" "><subfield code="a">SDR-MIU</subfield><subfield code="d">EX LIBRIS - ALEPH</subfield><subfield code="l">prepare.pl-004-008</subfield></datafield><datafield tag="FMT" ind1=" " ind2=" "><subfield code="a">BK</subfield></datafield><datafield tag="HOL" ind1=" " ind2=" "><subfield code="0">sdr-miu006836555</subfield><subfield code="a">MiU</subfield><subfield code="b">SDR</subfield><subfield code="c">MIU</subfield><subfield code="p">mdp.39015079132349</subfield><subfield code="s">MIU</subfield><subfield code="1">006836555</subfield></datafield><datafield tag="974" ind1=" " ind2=" "><subfield code="b">MIU</subfield><subfield code="c">MIU</subfield><subfield code="d">20190719</subfield><subfield code="s">lit-dlps-dc</subfield><subfield code="u">mdp.39015079132349</subfield><subfield code="y">1699</subfield><subfield code="r">pd</subfield><subfield code="q">bib</subfield><subfield code="t">non-US bib date1 &lt; 1879</subfield></datafield></record></collection>